<?xml version="1.0" encoding="UTF-8"?><collection xmlns="http://www.loc.gov/MARC21/slim"><record><leader>00585nam--2200181-i-4500</leader><controlfield tag="001">000011180</controlfield><controlfield tag="002">20161230</controlfield><controlfield tag="005">20161230201029</controlfield><controlfield tag="008">060222s1000------------r-----000-0-eng-d</controlfield><datafield ind1=" " ind2=" " tag="040"><subfield code="a">IFIN-HH</subfield></datafield><datafield ind1=" " ind2=" " tag="080"><subfield code="a">532.08(061.3)</subfield></datafield><datafield ind1="1" ind2=" " tag="100"><subfield code="a">Clayton, C.G</subfield></datafield><datafield ind1="1" ind2="0" tag="245"><subfield code="a">Modern developments in flow measurement</subfield><subfield code="b">Proceedings of the international conference held at harwell, 21st-23rd september 1971</subfield><subfield code="c">C.G. Clayton (Ed.)</subfield></datafield><datafield ind1=" " ind2=" " tag="260"><subfield code="a">London, Peter Peregrinus Ltd., 1972</subfield></datafield><datafield ind1=" " ind2=" " tag="300"><subfield code="a">IX + 405 P</subfield></datafield><datafield ind1=" " ind2=" " tag="490"><subfield code="a">Ppl Conference Publication 10</subfield></datafield><datafield ind1=" " ind2=" " tag="852"><subfield code="a">41856</subfield><subfield code="c">532</subfield></datafield><datafield ind1=" " ind2=" " tag="CAT"><subfield code="a">Sys</subfield><subfield code="c">20100716</subfield><subfield code="h">111217</subfield></datafield></record></collection>